<?xml version="1.0" encoding="UTF-8"?><collection xmlns="http://www.loc.gov/MARC21/slim"><record><leader>00632nam--2200205-i-4500</leader><controlfield tag="001">000037138</controlfield><controlfield tag="002">20161230</controlfield><controlfield tag="005">20161230201041</controlfield><controlfield tag="008">060222s1000------------r-----000-0-rum-d</controlfield><datafield ind1=" " ind2=" " tag="040"><subfield code="a">IFIN-HH</subfield></datafield><datafield ind1=" " ind2=" " tag="041"><subfield code="a">rum</subfield></datafield><datafield ind1=" " ind2=" " tag="080"><subfield code="a">531(076.3)</subfield></datafield><datafield ind1="1" ind2=" " tag="100"><subfield code="a">Sarian, M</subfield></datafield><datafield ind1="1" ind2="0" tag="245"><subfield code="a">Probleme de mecanica</subfield><subfield code="c">M. Sarian, E. Caragheorghe, D.D. Boiangiu, D. Voiculescu, A. Cordoban, E. Deciu, N. Enescu, L. Ghermanescu-Ionescu, E. Haseganu-Zamfirescu, St. Staicu</subfield></datafield><datafield ind1=" " ind2=" " tag="250"><subfield code="a">Editia a II-a</subfield></datafield><datafield ind1=" " ind2=" " tag="260"><subfield code="a">Bucuresti, Ed.Didact.Si Pedag., 1983,</subfield></datafield><datafield ind1=" " ind2=" " tag="300"><subfield code="a">363P</subfield></datafield><datafield ind1="1" ind2=" " tag="700"><subfield code="a">Staicu, St</subfield></datafield><datafield ind1=" " ind2=" " tag="852"><subfield code="a">71276</subfield><subfield code="c">531</subfield></datafield><datafield ind1=" " ind2=" " tag="CAT"><subfield code="a">Sys</subfield><subfield code="c">20100701</subfield><subfield code="h">100338</subfield></datafield></record></collection>